<record><leader>00000cas a22000007a 4500</leader><controlfield tag="001">11297311</controlfield><controlfield tag="008">841023d18751876iauwr ne      0    0eng d</controlfield><datafield ind1=" " ind2=" " tag="010"><subfield code="a">sn 84038391 </subfield></datafield><datafield ind1=" " ind2=" " tag="040"><subfield code="a">NPX</subfield><subfield code="b">eng</subfield><subfield code="c">NPX</subfield><subfield code="d">OCLCQ</subfield></datafield><datafield ind1=" " ind2=" " tag="042"><subfield code="a">msc</subfield></datafield><datafield ind1="0" ind2=" " tag="130"><subfield code="a">Weekly enterprise (Ossian, Iowa)</subfield></datafield><datafield ind1="1" ind2="4" tag="245"><subfield code="a">The weekly enterprise.</subfield></datafield><datafield ind1="1" ind2="3" tag="246"><subfield code="a">Enterprise</subfield></datafield><datafield ind1=" " ind2=" " tag="260"><subfield code="a">Ossian, Iowa :</subfield><subfield code="b">W.B. Morey</subfield></datafield><datafield ind1=" " ind2=" " tag="300"><subfield code="a">v.</subfield></datafield><datafield ind1=" " ind2=" " tag="310"><subfield code="a">Weekly</subfield></datafield><datafield ind1="1" ind2=" " tag="362"><subfield code="a">Began in 1875; ceased in 1876?</subfield><subfield code="z">Cf. Bibl. of Iowa newspapers.</subfield></datafield><datafield ind1=" " ind2=" " tag="500"><subfield code="a">Recorded in reference source as: Enterprise. Cf. bibliography of Iowa newspapers.</subfield></datafield><datafield ind1=" " ind2=" " tag="500"><subfield code="a">Editor: William B. Morey, &lt;1876&gt;.</subfield></datafield><datafield ind1=" " ind2=" " tag="588"><subfield code="a">Description based on: Vol. 1, no. 36 (June 9, 1876).</subfield></datafield><datafield ind1=" " ind2=" " tag="752"><subfield code="a">United States</subfield><subfield code="b">Iowa</subfield><subfield code="c">Winneshiek</subfield><subfield code="d">Ossian.</subfield></datafield><datafield ind1="1" ind2=" " tag="029"><subfield code="a">AU@</subfield><subfield code="b">000025821286</subfield></datafield></record>